@misc{Britannica2025_WritingSystems,
  title = {The world’s 5 most commonly used writing systems},
  howpublished = {Encyclopædia Britannica},
  year = {2025},
  note = {[Online]. Available: \url{https://www.britannica.com/list/the-worlds-5-most-commonly-used-writing-systems}. [Accessed: 14-Feb-2025]}
}

@misc{Britannica2025_Hangul,
  title = {Hangul},
  howpublished = {Encyclopædia Britannica},
  year = {2025},
  note = {[Online]. Available: \url{https://www.britannica.com/topic/Hangul-Korean-alphabet}. [Accessed: 14-Feb-2025]}
}

@misc{Ethnologue2025,
  title = {Top 100 languages by population},
  howpublished = {Ethnologue: Top 100 Languages by Population},
  year = {2025},
  note = {[Online]. Available: \url{http://www2.harpercollege.edu/mhealy/g101ilec/intro/clt/cltclt/top100.html}. [Accessed: 14-Feb-2025]}
}

@misc{EnChroma2025,
  author = {EnChroma},
  title = {How the color blind see},
  howpublished = {Beyond Color},
  year = {2025},
  note = {[Online]. Available: \url{https://enchroma.com/blogs/beyond-color/how-color-blind-see}. [Accessed: 14-Feb-2025]}
}

@misc{ARM2025,
  title = {Smartphones},
  howpublished = {ARM.com},
  year = {2025},
  note = {[Online]. Available: \url{https://www.arm.com/markets/consumer-technologies/smartphones}. [Accessed: 4-Feb-2025]}
}

@misc{Backlinko2025,
  title = {iPhone vs Android Statistics},
  howpublished = {Backlinko.com},
  year = {2025},
  note = {[Online]. Available: \url{https://backlinko.com/iphone-vs-android-statistics}. [Accessed: 4-Feb-2025]}
}

@misc{Android2025,
  title = {Supported Media Formats},
  howpublished = {Android.com},
  year = {2025},
  note = {[Online]. Available: \url{https://developer.android.com/media/platform/supported-formats}. [Accessed: 9-Feb-2025]}
}

@misc{EndOfLife2025_Android,
  title = {Android OS},
  howpublished = {EndOfLife.date},
  year = {2025},
  note = {[Online]. Available: \url{https://endoflife.date/android}. [Accessed: 9-Feb-2025]}
}

@misc{EndOfLife2025_iOS,
  title = {Apple iOS},
  howpublished = {EndOfLife.date},
  year = {2025},
  note = {[Online]. Available: \url{https://endoflife.date/ios}. [Accessed: 9-Feb-2025]}
}

@misc{Speedtest2025,
  title = {How Much Speed Do You Really Need?},
  howpublished = {Speedtest.net},
  year = {2025},
  note = {[Online]. Available: \url{https://www.speedtest.net/about/knowledge/how-much-speed-you-need}. [Accessed: 9-Feb-2025]}
}

@misc{PIPEDA2025,
  title = {PIPEDA Requirements in Brief},
  howpublished = {Office of the Privacy Commissioner of Canada},
  year = {2025},
  note = {[Online]. Available: \url{https://www.priv.gc.ca/en/privacy-topics/privacy-laws-in-canada/the-personal-information-protection-and-electronic-documents-act-pipeda/pipeda_brief/}. [Accessed: 9-Feb-2025]}
}

@misc{ISMS2025,
  title = {ISO 27001:2022 Annex A 8.24 – Use of Cryptography},
  howpublished = {isms.online},
  year = {2025},
  note = {[Online]. Available: \url{https://www.isms.online/iso-27001/annex-a/8-24-use-of-cryptography-2022/}. [Accessed: 9-Feb-2025]}
}

@misc{AODA2025,
  title = {How to Meet WCAG},
  howpublished = {AODA.ca},
  year = {2025},
  note = {[Online]. Available: \url{https://aoda.ca/new-aoda-requirement-for-ontario-websites/}. [Accessed: 9-Feb-2025]}
}